@misc{NaiveBayes,
  title         = {Bayes and Naive Bayes Classifier},
  author        = {Vikramkumar and Vijaykumar B and Trilochan},
  year          = {2014},
  eprint        = {1404.0933},
  archiveprefix = {arXiv},
  primaryclass  = {cs.LG},
  url           = {https://arxiv.org/abs/1404.0933}
}




@inproceedings{Bifet2009,
  author    = {Albert Bifet and Geoff Holmes and Bernhard Pfahringer and Ricard Gavaldà},
  title     = {Adaptive Hoeffding Trees for Learning from Data Streams},
  booktitle = {Proceedings of the 9th IEEE International Conference on Data Mining (ICDM)},
  year      = {2009},
  pages     = {139--147}
}

@inproceedings{Domingos2000,
  author    = {Pedro Domingos and Geoff Hulten},
  title     = {Mining High-Speed Data Streams},
  booktitle = {Proceedings of the 6th ACM SIGKDD International Conference on Knowledge Discovery and Data Mining},
  year      = {2000},
  pages     = {71--80}
}

@inproceedings{Oza2005,
  title     = {Online bagging and boosting},
  author    = {Oza, Nikunj C. and Russell, Stuart},
  booktitle = {IEEE International Conference on Systems, Man and Cybernetics},
  volume    = {3},
  pages     = {2340--2345},
  year      = {2001}
}

@article{pearson1895vii,
  title   = {VII. Note on regression and inheritance in the case of two parents},
  author  = {Pearson, Karl},
  journal = {Proceedings of the Royal Society of London},
  volume  = {58},
  pages   = {240--242},
  year    = {1895},
  note    = {Trabajo original que introduce el coeficiente de Pearson}
}

@article{spearman1904proof,
  title   = {The proof and measurement of association between two things},
  author  = {Spearman, Charles},
  journal = {The American Journal of Psychology},
  volume  = {15},
  number  = {1},
  pages   = {72--101},
  year    = {1904},
  note    = {Artículo seminal de Spearman}
}